<?xml version="1.0" encoding="UTF-8"?><collection xmlns="http://www.loc.gov/MARC21/slim"><record><leader>00352nam--2200133-i-4500</leader><controlfield tag="001">000010387</controlfield><controlfield tag="002">20161230</controlfield><controlfield tag="005">20161230201028</controlfield><controlfield tag="008">060222s1000------------r-----000-0-eng-d</controlfield><datafield ind1=" " ind2=" " tag="100"><subfield code="a">Payen De La Garanderie, H</subfield></datafield><datafield ind1=" " ind2=" " tag="245"><subfield code="a">Mecanique quantique</subfield></datafield><datafield ind1=" " ind2=" " tag="260"><subfield code="a">Paris, Masson Et C-ie, 1971</subfield></datafield><datafield ind1=" " ind2=" " tag="490"><subfield code="a">Enseignement Superieur. Deuxieme Cycle</subfield></datafield><datafield ind1=" " ind2=" " tag="852"><subfield code="a">530.145.6</subfield></datafield></record></collection>